% Encoding: UTF-8
@book{PSLF3,
  title={Postscript Language Reference, 3rd Edition},
  author={Adobe},
  isbn={9780201379228},
  year={1999},
  publisher={Addison-Wesley}
}
@book{HalmosP,
	title={Naive Set Theory},
	author={Paul Halmos},
	isbn={9781614271314},
	year={1974},
	publisher={Springer-Verlag}
}
@book{KelleyJ,
	title={General Topology (科学出版社有两版中译本)},
	author={John Kelley},
	isbn={ 0387901256},
	year={1975},
	publisher={Springer-Verlag}
}
@book{LivioM2,
  title={最后的数学问题（Is God a Mathematician？中译本）},
  author={Mario Livio},
  isbn={9787115511638},
  year={2020},
  publisher={人民邮电出版社出版}
}
@book{LivioM,
	title={Is God a Mathematician?},
	author={Mario Livio},
	isbn={9780743294058},
	year={2009},
	publisher={Simon & Schuster}
}
@Misc{papachristou2012foundations,
  author        = {C. J. Papachristou},
  title         = {Foundations of Newtonian Dynamics: An Axiomatic Approach for the Thinking Student},
  year          = {2012},
  archiveprefix = {arXiv},
  primaryclass  = {physics.class-ph},
}
@book{HuaL,
title={数论导引},
author={华罗庚},
year={1957},
publisher={科学出版社}
}
@article{RN6185,
   author = {Doraiswamy, Deepak},
   title = {The Origins of Rheology: A Short Historical Excursion},
   journal = {Rheology Bulletin},
   volume = {71},
   number = {1},
   pages = {7--17},
   year = {2002},
   type = {Journal Article}
}
@book{ZhongEr1,
author={钟尔杰},
title={数值分析讲义},
isbn={9787040264876},
year={2009},
publisher={电子科技大学出版社}
}
@book{ZhongEr2,
author={钟尔杰},
title={数学实验方法},
isbn={9787040266436},
year={2009},
publisher={电子科技大学出版社}
}

@InBook{RN6187,
  author    = {Truesdell, C. and Toupin, R.},
  editor    = {Flügge, S.},
  pages     = {226--858},
  publisher = {Springer Berlin Heidelberg},
  title     = {The Classical Field Theories},
  year      = {1960},
  address   = {Berlin, Heidelberg},
  isbn      = {978-3-642-45943-6},
  type      = {Book Section},
  booktitle = {Principles of Classical Mechanics and Field Theory / Prinzipien der Klassischen Mechanik und Feldtheorie},
}

@book{FeiH1,
  title={微积分学教程，第一卷，第 8 版},
  author={菲赫金哥尔茨},
  isbn={704018303X},
  year={2006},
  publisher={高等教育出版社}
}

@book{FeiH2,
	title={微积分学教程，第二卷，第 8 版},
	author={菲赫金哥尔茨},
	isbn={7040183048},
	year={2006},
	publisher={高等教育出版社}
}

@book{FeiH3,
	title={微积分学教程，第三卷，第 8 版},
	author={菲赫金哥尔茨},
	isbn={7040183056},
	year={2006},
	publisher={高等教育出版社}
}
@book
{
	AM69,
	AUTHOR = {Atiyah, M. F. and Macdonald, I. G.},
	TITLE = {Introduction to commutative algebra},
	PUBLISHER = {Addison-Wesley Publishing Co., Reading, Mass.-London-Don
	Mills, Ont.},
	YEAR = {1969},
	PAGES = {ix+128},
	MRCLASS = {13.00},
	MRNUMBER = {0242802 (39 \#4129)},
	MRREVIEWER = {J. A. Johnson},
}
@book{JiangJi,
	title={一般拓扑学专题选讲},
	author={蒋继光},
	isbn={7540812842},
	year={1991},
	publisher={四川教育出版社}
}